<?xml version="1.0" encoding="UTF-8"?><collection xmlns="http://www.loc.gov/MARC21/slim"><record><leader>00353nam--2200133-i-4500</leader><controlfield tag="001">000002312</controlfield><controlfield tag="002">20161230</controlfield><controlfield tag="005">20161230201025</controlfield><controlfield tag="008">060222s1000------------r-----000-0-eng-d</controlfield><datafield ind1=" " ind2=" " tag="080"><subfield code="a">547:541.1</subfield></datafield><datafield ind1=" " ind2=" " tag="100"><subfield code="a">Greenwood, H. H</subfield></datafield><datafield ind1=" " ind2=" " tag="245"><subfield code="a">Computing methods in quantum organic chemistry</subfield></datafield><datafield ind1=" " ind2=" " tag="260"><subfield code="a">London, Wiley-interscience, 1972. Xi + 213 P</subfield></datafield><datafield ind1=" " ind2=" " tag="852"><subfield code="a">35919</subfield></datafield></record></collection>